@article{PhysRevB.88.085433,
	title = {Three-band tight-binding model for monolayers of group-VIB transition metal dichalcogenides},
	author = {Liu, Gui-Bin and Shan, Wen-Yu and Yao, Yugui and Yao, Wang and Xiao, Di},
	journal = {Phys. Rev. B},
	volume = {88},
	issue = {8},
	pages = {085433},
	numpages = {10},
	year = {2013},
	month = {Aug},
	publisher = {American Physical Society},
	doi = {10.1103/PhysRevB.88.085433},
	url = {https://link.aps.org/doi/10.1103/PhysRevB.88.085433}
}