@book{GareyJohnson79,
    author = "Garey, M. R. and Johnson, D. S.",
    title = "Computers and Intractability: A Guide to the Theory of NP-Completeness",
    publisher = "W. H. Freeman",
    address = "San Francisco, USA",
    pages = "340",
    year = "1979"
}

@book{Hartigan75,
    author = "Hartigan, J. A.",
    title = "Clustering Algorithms",
    publisher = "John Wiley and Sons",
    address = "New York, USA",
    pages = "351",
    year = "1975"
}

@book{Maniezzo2009,
  author = "Maniezzo, V. and St{\"utzle}, T. and Vo{\ss}, S.",
  title = "Matheuristics: Hybridizing Metaheuristics and Mathematical
  Programming",
  address = "New York, USA",
  publisher = "Springer",
  pages = "269",
  year = "2009"
}

@incollection{Aggarwal2013,
  author      = "Aggarwal, C. C.",
  title       = "An introduction to cluster analysis",
  editor      = "Aggarwal, C. C. and Reddy, C. K.",
  booktitle   = "Data Clustering Algorithms and Applications",
  publisher   = "CRC Press",
  address     = "Boca Raton, FL, USA",
  year        = "2013",
  pages       = "1-27",
  chapter     = "1"
}

@incollection{Bocker2013,
  author      = "B{\"o}cker, S. and Baumbach, J.",
  title       = "Cluster editing",
  editor      = "Bonizzoni, P. and Brattka, V. and L{\"o}we, B.",
  booktitle   = "CiE 2013 LNCS",
  volume = "7921",
  publisher   = "Springer",
  address     = "Heidelberg",
  year        = "2013",
  pages       = "33-44"
}

@article{AdensoDiaz2006,
  author = "Adenso-D{\'i}az, B. and Laguna, M.",
  title = "Fine-Tuning of Algorithms Using Fractional Experimental Designs and Local Search",
  journal = "Operations Research",
  volume = "54",
  number = "1",
  pages = "99-114",
  year = "2006"
}

@article{Alba73,
    author = "Alba, R. D.",
    title = "A graph-theoretic definition of a sociometric clique",
    journal = "Journal of Mathematical Sociology",
    volume = "3",
    number = "1",
    pages = "113-126",
    year = "1973"
}

@article{Amigo2009,
  author = "Amig{\'o}, E. and Gonzalo, J. and Artiles, J. and Verdejo, F.",
  title = "A comparison of extrinsic clustering evaluation metrics based on formal constraints",
  journal = "Information Retrieval",
  volume = "12",
  number = "4",
  year = "2009",
  pages = "461-486"
}

@article{Balasundaram2005,
    author = "Balasundaram, B. and Butenko, S. and Trukhanov, S.",
    title = "Novel approaches for analyzing biological networks",
    journal = "Journal of Combinatorial Optimization",
    volume = "10",
    number = "1",
    pages = "23-39",
    year = "2005"
}

@article{Balasundaram2011,
    author = "Balasundaram, B. and Butenko, S. and Hicks, I. V.",
    title = "Clique relaxations in social network analysis: the maximum k-Plex problem",
    journal = "Operations research",
    volume = "59",
    number = "1",
    pages = "133-142",
    year = "2011"
}

@article{Banerjee2005,
    author = "Banerjee, A. and Dhillon, I. S. and Ghosh, J.",
    title = "Clustering with bregman divergences",
    journal = "Journal of Machine Learning Research",
    volume = "6",
    pages = "1705-1749",
    year = "2005"
}

@article{Bansal2004,
	author = "Bansal, N. and Blum, A. and Chawla, S.",
    title = "Correlation Clustering",
    journal = "Machine Learning",
    volume = "56",
    number = "1",
    year = "2004",
    pages = "89-113"
}

@article{Barthelemy2001,
    author = "Barth{\'e}lemy, J.-P. and Brucker, F.",
    title = "NP-hard approximation problems in overlapping clustering",
    journal = "Journal of Classification",
    volume = "18",
    number = "2",
    pages = "159-183",
    year = "2001"
}

@article{Bastos2016,
    author = "Bastos, L. and Ochi, L. S. and Protti, F. and Subramanian, A. and Martins, I. C. and Pinheiro, R. G. S.",
    title = "Efficient algorithms for cluster editing",
    journal = "Journal of Combinatorial Optimization",
    volume = "31",
    number = "1",
    pages = "347-371",
    year = "2016"
}

@article{Bean94,
  author = "Bean, James C.",
  journal = "ORSA Journal on Computing",
  number = "2",
  pages = "154-160",
  title = "Genetic algorithms and random keys for sequencing and optimization",
  volume = "6",
  year = "1994"
}

@article{Benncir2014,
    author = "Ben{ }N'Cir, C.-E. and Cleuziou, G. and Essoussi, N.",
    title = "Generalization of c-means for identifying non-disjoint clusters with overlap regulation",
    journal = "Pattern Recognition Letters",
    volume = "45",
    number = "1",
    pages = "92-98",
    year = "2014"
}

@article{Bendor99,
    author = "Ben-Dor, A. and Shamir, R. and Yakhimi, Z.",
    title = "Clustering gene expression patterns",
    journal = "Journal of Computer Biology",
    number = "3-4",
    volume = "6",
    year = "1999",
    pages = "281-297"
}

@article{Bocker2009,
    author = "B{\"o}cker, S and Briesemeister, S. and Bui, Q. B. A. and Truss, A.",
    title = "Going weighted: Parameterized algorithms for cluster editing",
    journal = "Theoretical Computer Science",
    volume = "410",
    number = "52",
    pages = "5467-5480",
    year = "2009"
}

@article{Bocker2011,
    author = "B{\"o}cker, S. and Briesemeister, S. and Klau, G. W.",
    title = "Exact algorithms for cluster editing: evaluation and experiments",
    journal = "Algorithmica",
    volume = "60",
    number = "2",
    pages = "316-334",
    year = "2011"
}

@article{Bocker2012,
    author = "B{\"o}cker, S.",
    title = "A golden ratio parameterized algorithm for cluster editing",
    journal = "Journal of Discrete Algorthms",
    volume = "16",
    pages = "79-89",
    year = "2012"
}

@article{Bonchi2013,
	author = "Bonchi, F. and Gioni, A. and Ukkonen, A.",
	title = "Overlapping correlation clutering",
	journal = "Knowledge and Information Systems",
	volume = "35",
	number = "1",
	year = "2013",
	pages = "1-32"
}

@article{Cai96,
    author = "Cai, L.",
    title = "Fixed-parameter tractability of graph modification problems for hereditary properties",
    journal = "Information Processing Letters",
    volume = "58",
    number = "4",
    pages = "171-176",
    year = "1996"
}

@article{Canisius2016,
    author = "Canisius, S. and Martens, J. and Wessels, L.",
    title = "A novel independence test for somatic alterations in cancer shows that biology drives mutual exclusivity but chance explains most co-occurrence",
    journal = "Genome Biology",
    volume = "17",
    number = "1",
    pages = "261:1-17",
    year = "2016"
}

@article{Charikar2005,
    author = "Charikar, M. and Guruswami, V. and Wirth, A.",
    title = "Clustering with qualitative information",
    journal = "Journal of Computer and System Sciences",
    volume = "71",
    number = "3",
    pages = "360-383",
    year = "2005"
}

@article{Chartrand66,
    author = "Chartrand, G.",
    title = "A graph-theoretic approach to a communications problem",
    journal = "SIAM Journal on Applied Mathematics",
    volume = "14",
    number = "5",
    pages = "778-781",
    year = "1966"
}

@article{Chaves2010,
  author = {Chaves, Antonio Augusto and Lorena, Luiz Antonio Nogueira},
  journal = {Computers and Operations Research},
  pages = {552--558},
  title = {{Clustering Search Algorithm for the Capacitated Centred Clustering Problem}},
  url = {http://dx.doi.org/10.1016/j.cor.2008.09.011},
  volume = {37},
  year = {2010}
}

@article{Chen2003,
    author = "Chen, Z.-Z. and Jiang, T. and Lin, G.",
    title = "Computing phylogenetic roots with bounded degrees and errors",
    journal = "SIAM Journal on Computing",
    volume = "32",
    number = "4",
    pages = "864-879",
    year = "2003"
}

@article{Chesler2005,
    author = "Chesler, E. J. and Lu, L. and Shou, S. and Qu, Y. and Gu, J. and Wang, J. and Hsu, H. C. and Mountz, J. D. and Baldwin, N. E. and Langston, M. A. and Threadgill, D. W. and Manly, K. F. and Williams, R. W.",
    title = "Complex trait analysis of gene expression uncovers polygenic and pleiotropic networks that modulate nervous system function",
    journal = "Nature Genetics",
    volume = "37",
    number = "3",
    pages = "233-242",
    year = "2005"
}

@article{Damaschke2010,
    author = "P. Damaschke",
    title = "Fixed-parameter enumerability of cluster editing and related problems",
    journal = "Theory of Computing Systems",
    volume = "46",
    number = "2",
    pages = "261-283",
    year = "2010"
}

@article{Damaschke2014,
    author = "Damaschke, P. and Mogren, O.",
    title = "Editing simple graphs",
    journal = "Journal of Graphs Algorithms and Applications",
    volume = "18",
    number = "4",
    pages = "557-576",
    year = "2014"
}

@article{Delvaux2004,
    author = "Delvaux, S. and Horsten, L.",
    title = "On best transitive approximations to simple graphs",
    journal = "Acta Informatica",
    volume = "40",
    number = "9",
    year = "2004",
    pages = "637-655"
}

@article{Demaine2006,
  author = "Demaine, Erik D. and Emanuel, Dotan and Fiat, Amos and Immorlica, Nicole",
  journal = "Theoretical Computer Science",
  number = "2-3",
  pages = "172-187",
  title = "Correlation clustering in general weighted graphs",
  volume = "361",
  year = "2006"
}

@article{Depril2008,
    author = "Depril, D. and Van{ }Mechelen, I. and Mirkin, B.",
    title = "Algorithms for additive clustering of rectangular data tables",
    journal = "Computational Statistics and Data Analysis",
    volume = "52",
    number = "11",
    pages = "4923-4938",
    year = "2008"
}

@article{Dornfelder2014,
    author = "D{\"ornfelder}, M. and Guo, J. and Komusiewicz, C. and Weller, M.",
    title = "On the parameterized complexity of consensus clustering",
    journal = "Theoretical Computer Science",
    volume = "542",
    year = "2014",
    pages = "71-82"
}

@article{Elisseeff2001,
	author = "Elisseeff, A. and Weston, J.",
	title = "A kernel method for multi-labelled classification",
	journal = "Advances in Neural Information Processing Systems",
	volume = "14",
	year = "2001",
	pages = "681-687"
}

@article{Fanjul2017,
  author = "Fanjul-Peyro, L. and Perea, F. and Ruiz, R.",
  title = "Models and matheuristics for the unrelated parallel machine scheduling problem with additional resources",
  journal = "European Journal of Operational Research",
  volume = "260",
  number = "2",
  pages = "460-493",
  year = "2017"
}

@article{Fellows2011,
    author = "Fellows, M. R. and Guo, J. and Komusiewicz, C. and Niedermeier, R. and Uhlmann, J.",
    title = "Graph-based data clustering with overlaps",
    journal = "Discrete Optimization",
    volume = "8",
    number = "1",
    pages = "2-17",
    year = "2011"
}

@article{Filkov2004,
    author = "Filkov, V. and Skiena, S.",
    title = "Integrating microarray data by consensus clustering",
    journal = "Tools with Artificial Intelligence",
    volume = "13",
    number = "4",
    pages = "863-880",
    year = "2004"
}

@article{Fonseca2016,
  author = "Fonseca, G. H. G. and Santos, H. G. and Carrano, E. G.",
  title = "Integrating matheuristics and metaheuristics for timetabling",
  journal = "Computers {\&} Operation Research",
  volume = "74",
  pages = "108-117",
  year = "2016"
}

@article{Gionis2007,
    author = "Gionis, A. and Mannila, H. and Tsaparas, P.",
    title = "Clustering aggregation",
    journal = "ACM Transactions on Knowledge Discovery from Data",
    volume = "1",
    number = "1",
    pages = "4:1-30",
    year = "2007"
}

@article{Goncalves2011,
	author = "Gon{\c{c}}alves, J. F. and Resende, M. G. C.",
    title = "Biased random-key genetic algorithms for combinatorial optimization",
    journal = "Journal of Heuristics",
    volume = "17",
    number = "5",
    year = "2011",
    pages = "487-525"
}

@article{Gossen2014,
  author = "Gossen, T. and Kotzyba, M. and N{\"u}rnberger, A.",
  title = "Graph clusterings with overlaps: Adapted quality indices and a generation model",
  journal = "Neurocomputing",
  volume = "123",
  number = "10",
  year = "2014",
  pages = "13-22"
}

@article{Gramm2005,
    author = "Gramm, J. and Guo, J. and H{\"u}ffner, F. and Niedermeier, R.",
    title = "Graph-modeled data clustering: fixed-parameter algorithms for clique generation",
    journal = "Theory of Computing Systems",
    volume = "38",
    number = "4",
    pages = "373-392",
    year = "2005"
}

@article{Guo2010,
	author="Guo, Jiong
	and Komusiewicz, Christian
	and Niedermeier, R.
	and Uhlmann, Johannes",
	title="A more relaxed model for graph-based data clustering: s-Plex cluster editing",
	journal="SIAM Journal on Discrete Mathematics",
	year="2010",
	volume="24",
	number="4",
	pages="1662-1683"
}

@article{Guo2011,
	author="Guo, Jiong
	and Kanj, Iyad A.
	and Komusiewicz, Christian
	and Uhlmann, Johannes",
	title="Editing Graphs into Disjoint Unions of Dense Clusters",
	journal="Algorithmica",
	year="2011",
	volume="61",
	number="4",
	pages="949--970"
}

@article{Grotschel89,
    author = "Gr{\"o}tschel, M. and Wakabayashi, Y.",
    title = "A cutting plane algorithm for a clustering problem",
    journal = "Mathematical Programming",
    volume = "45",
    number = "1",
    pages = "59-96",
    year = "1989"
}

@article{Guenoche2010,
    author = "A. Gu{\'enoche}",
    title = "Consensus of partitions: a constructive approach",
    journal = "Advances in Data Analysis and Classification",
    volume = "5",
    number = "3",
    year = "2010",
    pages = "215-229"
}

@article{Hagen92,
    author = "Hagen, L. and Kahng, A. B.",
    title = "New spectral methods for ratio cut partitioning and clustering",
    journal = "IEEE Transactions on Computer-Aided Design of Integrated Circuits and Systems",
    volume = "11",
    number = "9",
    pages = "1074-1085",
    year = "1992"
}

@article{Harary55,
    author = "F. Harary",
    title = "On the notion of balance of a signed graph",
    journal = "Michigan Mathematical Journal",
    volume = "2",
    number = "2",
    year = "1955",
    pages = "143-146"
}

@article{Hartuv2000,
    author = "Hartuv, E. and Shamir, R.",
    title = "A clustering algorithm based on graph connectivity",
    journal = "Information Processing Letters",
    volume = "76",
    number = "4-6",
    pages = "175-181",
    year = "2000"
}

@article{Hochbaum86,
  author = {Hochbaum, Dorit S. and Shmoys, David B.},
  journal = {Journal of the ACM},
  number = {3},
  pages = {533--550},
  title = {{A unified approach to approximation algorithms for bottleneck problems}},
  volume = {33},
  year = {1986}
}

@article{Huffner2010,
    author = "H{\"u}ffner, F. and Komusiewicz, C. and Moser, H. and Niedermeier, R.",
    title = "Fixed-parameter algorithms for cluster vertex deletion",
    journal = "Theory of computing systems",
    volume = "47",
    number = "1",
    pages = "196-217",
    year = "2010"
}

@article{Huffner2014,
    author = "H{\"uffner}, F. and Komusiewicz, C. and Liebtrau, A. and Niedermeier, R.",
    title = "Partitioning biological networks into highly connected clusters with maximum edge coverage",
    journal = "IEEE/ACM Transactions on Computational Biology and Bioinformatics",
    volume = "11",
    number = "3",
    pages = "455-467",
    year = "2014"
}

@article{Jiang2009,
    author = "Jiang, D. and Pei, J.",
    title = "Mining frequent cross-graph quasi-cliques",
    journal = "ACM Transactions on Knowledge Discovery from Data",
    volume = "2",
    number = "4",
    pages = "16:1-42",
    year = "2009"
}

@article{Jones1972,
  author = {{Sp{\"{a}}rck Jones}, Karen},
  journal = {Journal of Documentation},
  number = {1},
  pages = {11--21},
  title = {{A Statistical Interpretation of Term Specificity and its Retrieval}},
  url = {http://www.emeraldinsight.com/doi/abs/10.1108/eb026526},
  volume = {28},
  year = {1972}
}

@article{Johnson67,
    author = "Johnson, S. C.",
    title = "Hierarchical clustering schemes",
    journal = "Psychometrika",
    volume = "32",
    number = "3",
    pages = "241-254",
    year = "1967"
}

@article{Kirkpatrick1983,
  author = {Kirkpatrick, S and Gelatt, C D and Vecch, M P},
  journal = {Science},
  number = {4598},
  pages = {671--680},
  title = {Optimization by Simulated Annealing},
  volume = {220},
  year = {1983}
}

@article{Kochenberger2005,
    author = "Kochenberger, G. A. and Glover, F. Alidaee, B. and Wang, H.",
    title = "Clustering of microarray data via clique partitioning",
    journal = "Journal of Combinatorial Optimization",
    volume = "10",
    number = "1",
    pages = "77-92",
    year = "2005"
}

@article{Komusiewicz2012,
    author = "Komusiewicz, C. and Uhlmann, J.",
    title = "Cluster editing with locally bounded modifications",
    journal = "Discrete Applied Mathematics",
    volume = "160",
    number = "15",
    pages = "2259-2270",
    year = "2012"
}

@article{Kriegel2009,
    author = "Kriegel, H.-P. and Kr{\"o}ger, P. and Zimek, A.",
    title = "Clustering high-dimensional Data: A survey on subspace clustering, pattern-based clustering, and correlation clustering",
    journal = "ACM Transactions on Knowledge Discovery from Data",
    volume = "4",
    number = "1",
    pages = "1-58",
    year = "2009"
}

@article{Krivanek86,
    author = "K{\v{r}}iv{\'a}nek, M. and Mor{\'a}vek, J.",
    title = "NP-hard problems in hierarchical-tree clustering",
    journal = "Acta Informatica",
    volume = "23",
    number = "33",
    pages = "311-323",
    year = "1986"
}

@article{Lancichinetti2009,
  author = "Lancichinetti, A. and Fortunato, S.",
  title = "Benchmarks for testing community detection algorithms on directed and weighted graphs with overlapping communities",
  journal = "Physical Review E",
  volume = "80",
  number = "1",
  pages = "016118",
  year = "2009"
}

@article{Lazar2010,
  author = "L{\'a}z{\'a}r, A. and {\'Abel}, D. and Vicsek, T.",
  title = "Modularity measure of networks with overlapping communities",
  journal = "A Letters Journal Exploring the Frontiers of Physics",
  volume = "90",
  number = "1",
  pages = "18001",
  year = "2010"
}

@article{Leighton99,
  author = {Leighton, Tom and Rao, Satish},
  journal = {Journal of the ACM},
  number = {6},
  pages = {787--832},
  title = {{Multicommodity max-flow min-cut theorems and their use in designing approximation algorithms}},
  volume = {46},
  year = {1999}
}

@article{Levin2015,
    author = "Levin, M. Sh.",
    title = "Combinatorial clustering: literature review, methods, examples",
    journal = "Journal of Communications Technology and Eletronics",
    volume = "60",
    number = "12",
    pages = "1403-1428",
    year = "2015"
}

@article{Li2017,
    author = "Li, T. and De la Prieta Pintado, F. and Corchado, J. M. and Bajo, J.",
    title = "Multi-source homogeneous data clustering for multi-target detection 
    from cluttered background with misdetection",
    journal = "Applied Soft Computing Journal",
    volume = "60",
    pages = "436-446",
    year = "2017"
}

@article{Lin2015,
    author = "Lin, M. C. and Soulignac, F. J. and Szwarcfiter, J. L.",
    title = "A faster algorithm for the cluster editing problem on proper interval graphs",
    journal = "Information Processing Letters",
    volume = "115",
    number = "12",
    pages = "913-916",
    year = "2015"
}

@article{Mannaa2010,
    author = "Mannaa, B.",
    title = "Cluster editing problem for points on the real line: a polynomial time algorithm",
    journal = "Information Processing Letters",
    volume = "110",
    number = "21",
    pages = "961-965",
    year = "2010"
}

@article{Matsuda99,
    author = "Matsuda, H. and Ishihara, T. and Hashimoto, A.",
    title = "Classifying molecular sequences using a linkage graph with their pairwise similarities",
    journal = "Theoretical Computer Science",
    volume = "210",
    number = "2",
    pages = "305-325",
    year = "1999"
}

@article{Metropolis1953,
  author = {Metropolis, Nicholas and Rosenbluth, Arianna W and Rosenbluth, Marshall N and Teller, Augusta H and Teller, Edward},
  journal = {Journal of Chemical Physics},
  pages = {1087--1092},
  title = {Equation of State Calculations by Fast Computing Machines},
  volume = {21},
  year = {1953}
}

@article{Milosavlievic95,
    author = "Milosavlievi{\'c}, A. and Strezoska, {\u{Z}}. and Zeremski, M. and Gruji{\'c}, D. and Paunesku, T. and Crkvenjakov, R.",
    title = "Clone clustering by hybridization",
    journal = "Genomics",
    volume = "27",
    number = "1",
    pages = "83-89",
    year = "1995"
}

@article{Moon66,
    author = "Moon, J. W.",
    title = "A note on approximating symmetric relations by equivalence relations",
    journal = "SIAM Journal on Applied Mathematics",
    volume = "14",
    number = "2",
    pages = "226-227",
    year = "1966"
}

@article{Murzin1995,
  author = "Murzin, A. G. and Brenner, S. E. and Hubbard, T. and Chothia,
  C.",
  title = "SCOP: A structural classification of proteins database for the investigation of sequences and structures",
  journal = "Journal of Molecular Biology",
  volume = "247",
  number = "4",
  year = "1995",
  pages = "536--540"
}

@article{Natanzon2001,
    author = "Natanzon, A. and Shamir, R. and Sharan, R.",
    title = "Complexity classification of some edge modification problems",
    journal = "Discrete Applied Mathematics",
    volume = "113",
    number = "1",
    pages = "109-128",
    year = "2001"
}

@article{Oliveira2017,
  author = "Oliveira, R. M. and Chaves, A. A. and Lorena, L. A. N.",
  title = "A comparison of two hybrid methods for constrained clustering
  problems",
  journal = "Applied Soft Computing Journal",
  volume = "54",
  pages = "256-266",
  year = "2017"
}

@article{Palla2015,
  author = "Palla, G. and Der{\'e}nyi, I. and Farkas, I. and Vicsek, T.",
  title = "Uncovering the overlapping community structure of complex 
  networks in nature and society",
  journal = "Nature",
  volume = "435",
  pages = "814–818",
  year = "2005"
}

@article{Pereira2015,
  author = "Pereira, M. A. and Coelho, L. C. and Lorena, L. A. N. and Souza, L.
  C.",
  title = "A hybrid method for the probabilistic maximal covering
  location-allocation problem",
  journal = "Computers {\&} Operations Research",
  volume = "57",
  number = "Supplement C",
  pages = "51-59",
  year = "2015"
}

@article{Perezsuarez2012,
    author = "P{\'e}rez-Su{\'a}rez, A. and Mart{\'i}nez-Trinidad, J. F. and Carrasco-Ochoa, J. A. and Medina-Pagola, J. E.",
    title = "A dynamic clustering algorithm for building overlapping clusters",
    journal = "Intelligent Data Analysis",
    volume = "16",
    number = "2",
    pages = "211-232",
    year = "2012"
}

@article{Perezsuarez2013,
    author = "P{\'e}rez-Su{\'a}rez, A. and Mart{\'i}nez-Trinidad, J. F. and Carrasco-Ochoa, J. A. and Medina-Pagola, J. E.",
    title = "OclustR: a new graph-based algorithm for overlapping clustering",
    journal = "Neurocomputing",
    volume = "121",
    number = "9",
    pages = "234-247",
    year = "2013"
}

@article{Pfitzner2009,
  author = "Pfitzner, D. and Leibbrandt, R. and Powers, D.",
  title = "Characterization and evaluation of similarity measures for pairs of clusterings",
  journal = "Knowledge and Information Systems",
  volume = "19",
  number = "3",
  year = "2009",
  pages = "361-394"
}

@article{Schaeffer2007,
    author = "Schaeffer, S. E.",
    title = "Graph clustering",
    journal = "Computer Science Review",
    volume = "1",
    number = "1",
    pages = "27-64",
    year = "2007"
}

@article{Scholtens2005,
    author = "Scholtens, D. and Vidal, M. and Gentleman, R.",
    title = "Local modeling of global interactome networks",
    journal = "Bioinformatics",
    volume = "21",
    number = "17",
    pages = "3548-3557",
    year = "2005"
}

@article{Senne2010,
  author = {Senne, Edson Luiz Fran{\c{c}}a and Pereira, Marcos Antonio and Lorena, Luiz Antonio Nogueira},
  journal = {Advances in Operations Research},
  pages = {1--12},
  title = {{A decomposition heuristic for the maximal covering location problem}},
  volume = {2010},
  year = {2010}
}

@article{Shamir2004,
    author = "Shamir, R. and Sharan, R. and Tsur, D.",
    title = "Cluster graph modification problems",
    journal = "Discrete Applied Mathematics",
    volume = "144",
    number = "1-2",
    year = "2004",
    pages = "173-182"

}

@article{Sharan2003,
    author = "Sharan, R. and Maron-Katz, A. and Shamir, R.",
    title = "CLICK and EXPANDER: a system for clustering and visualizing gene expression data",
    journal = "Bioinformatics",
    volume = "19",
    number = "14",
    pages = "1787-1799",
    year = "2003"
}

@article{Strehl2003,
    author = "Strehl, A. and Ghosh, J.",
    title = "Cluster ensembles — a knowledge reuse framework for combining multiple partitions",
    journal = "Journal of Machine Learning Research",
    volume = "3",
    pages = "583-617",
    year = "2003"
}

@inproceedings{Trohidis2008,
	author = "Trohidis, K. and Tsoumakas, G. and Kalliris, G.",
    title = "Multilabel classification of music into emotions",
    booktitle = "Proceedings of the Ninth International Conference on Music Information Retrieval",
    address = "Philadelphia, USA",
    publisher = "ISMIR",
    pages = "325-330",
    year = "2008"
}

@article{vanBevern2017,
    author = "van{ }Bevern, R. and Froese, V. and Komusiewicz, K.",
    title = "Parameterizing edge modification problems above lower bounds",
    journal = "Theory of Computing Systems",
    pages = "1-32",
    year = "2017",
    note = "No prelo"
}

@article{Wang2017,
  author = "Wang, K. and Saho, Y. and Zhou, W.",
  title = "Matheuristic for a two-echelon capacitated vehicle routing problem with environmental considerations in city logistics service",
  journal = "Transportation Research Part D",
  volume = "57",
  pages = "262-276",
  year = "2017"
}

@article{Wittkop2007,
    author = "Wittkop, T. and Baumbach, J. and Lobo, F. P. and Rahmann, S.",
    title = "Large scale clustering of protein sequences with FORCE - A layout based heuristic for weighted cluster editing",
    journal = "BMC Bioinformatics",
    volume = "8",
    number = "1",
    pages = "396:1-12",
    year = "2007"
}

@article{Wittkop2010,
    author = "Wittkop, T. and Emig, D. and Lange, S. and Rahmann, S. and Albrecht, M. and Morris, J. H. and Bocker, S. and Stoye, J. and Baumbach, J.",
    title = "Partitioning biological data with transitivity clustering",
    journal = "Nature Methods",
    volume = "7",
    number = "6",
    pages = "419-420",
    year = "2010"
}

@article{Wu93,
    author = "Wu, Z. and Leahy, R.",
    title = "An optimal graph theoretic approach to data clustering: theory and its application to image segmentation",
    journal = "IEEE Transactions on Pattern Analysis and Machine Intelligence",
    volume = "15",
    number = "11",
    pages = "1101-1113",
    year = "1993"
}

@article{Wu2017,
    author = "Wu, B. Y. and Chen, L.-H.",
    title = "An improved parameterized algorithm for the p-cluster vertex deletion problem",
    journal = "Journal of Combinatorial Optimization",
    volume = "33",
    number = "2",
    pages = "373-388",
    year = "2017"
}

@article{Xie2013,
	author = "Xie, J. and Kelley, S. and Szymanski, B.",
	title = "Overlapping Community Detection in Networks: The State-of-the-Art and Comparative Study",
	journal = "ACM Computing Surveys",
	volume = "45",
	number = "4",
	pages = "43:1-43:35",
	year = "2013"
}

@article{Xu2005,
    author = "Xu, R. and Wunsch{ }II, D.",
    title = "Survey of Clustering Algorithms",
    journal = "IEEE Transactions on Neural Networks",
    volume = "16",
    number = "3",
    pages = "645-678",
    year = "2005"
}

@article{Yu2006,
    author = "Yu, H. and Paccanaro, A. and Trifonov, V. and Gerstein, M.",
    title = "Predicting interactions in protein networks by completing defective cliques",
    journal = "Bioinformatics",
    volume = "22",
    number = "7",
    pages = "823-829",
    year = "2006"
}

@article{Zahn64,
    author = "Zahn, C. T. Jr.",
    title = "Symmetric relations by equivalence relations",
    journal = "Journal of the Society for Industrial and Applied Mathematics",
    volume = "12",
    number = "4",
    pages = "840-847",
    year = "1964"
}

@Inbook{Abello2002,
	author="Abello, James
	and Resende, Mauricio G. C.
	and Sudarsky, Sandra",
	editor="Rajsbaum, Sergio",
	title="Massive Quasi-Clique Detection",
	bookTitle="LATIN 2002: Theoretical Informatics: 5th Latin American Symposium Cancun, Mexico, April 3--6, 2002 Proceedings",
	year="2002",
	publisher="Springer Berlin Heidelberg",
	address="Berlin, Heidelberg",
	pages="598--612"
}

@Inbook{Aravind2016,
    author="Aravind, N. R.
    and Sandeep, R. B.
    and Sivadasan, Naveen",
    editor="Kranakis, Evangelos
    and Navarro, Gonzalo
    and Ch{\'a}vez, Edgar",
    title="Parameterized Lower Bounds and Dichotomy Results for the NP-completeness of H-free Edge Modification Problems",
    bookTitle="LATIN 2016: Theoretical Informatics: 12th Latin American Symposium, Ensenada, Mexico, April 11-15, 2016, Proceedings",
    year="2016",
    publisher="Springer Berlin Heidelberg",
    address="Berlin, Heidelberg",
    pages="82--95"
}

@incollection{BennCir2015,
    author="Ben{ }N'Cir, Chiheb-Eddine
    and Cleuziou, Guillaume
    and Essoussi, Nadia",
    editor="Celebi, M. Emre",
    title="Overview of Overlapping Partitional Clustering Methods",
    bookTitle="Partitional Clustering Algorithms",
    year="2015",
    publisher="Springer International Publishing",
    address="Cham, Switzerland",
    chapter = "8",
    pages="245-275"
}

@Inbook{Damaschke2013,
    author = "Damaschke, P.",
    editor = "Lecroq, Thierry
    and Mouchard, Laurent",
    title="Cluster Editing with Locally Bounded Modifications Revisited",
    bookTitle="Combinatorial Algorithms: 24th International Workshop, IWOCA 2013, Rouen, France, July 10-12, 2013, Revised Selected Papers",
    year="2013",
    publisher="Springer Berlin Heidelberg",
    address="Berlin, Heidelberg",
    pages="433--437"
}

@inproceedings{Dehne2006,
    author="Dehne, Frank
    and Langston, Michael A.
    and Luo, Xuemei
    and Pitre, Sylvain
    and Shaw, Peter
    and Zhang, Yun",
    editor="Bodlaender, Hans L.
    and Langston, Michael A.",
    title="The Cluster Editing Problem: Implementations and Experiments",
    bookTitle="Parameterized and Exact Computation: Second International Workshop. Proceedings",
    year="2006",
    publisher="Springer Berlin Heidelberg",
    address=" Z{\"u}rich, Switzerland",
    pages="13--24"
}

@Inbook{Demaine2003,
	author="Demaine, Erik D.
	and Immorlica, Nicole",
	editor="Arora, Sanjeev
	and Jansen, Klaus
	and Rolim, Jos{\'e} D. P.
	and Sahai, Amit",
	title="Correlation Clustering with Partial Information",
	bookTitle="Approximation, Randomization, and Combinatorial Optimization.. Algorithms and Techniques: 6th International Workshop on Approximation Algorithms for Combinatorial Optimization Problems, APPROX 2003 and 7th International Workshop on Randomization and Approximation Techniques in Computer Science, RANDOM 2003, Princeton, NJ, USA, August 24-26, 2003. Proceedings",
	year="2003",
	publisher="Springer Berlin Heidelberg",
	address="Berlin, Heidelberg",
	pages="1--13"
}

@Inbook{Emanuel2003,
	author="Emanuel, Dotan
	and Fiat, Amos",
	editor="Di Battista, Giuseppe
	and Zwick, Uri",
	title="Correlation Clustering -- Minimizing Disagreements on Arbitrary Weighted Graphs",
	bookTitle="Algorithms - ESA 2003: 11th Annual European Symposium, Budapest, Hungary, September 16-19, 2003. Proceedings",
	year="2003",
	publisher="Springer Berlin Heidelberg",
	address="Berlin, Heidelberg",
	pages="208--220"
}

@Inbook{Frigui2004,
	author="Frigui, Hichem
	and Nasraoui, Olfa",
	editor="Berry, Michael W.",
	title="Simultaneous Clustering and Dynamic Keyword Weighting for Text Documents",
	bookTitle="Survey of Text Mining: Clustering, Classification, and Retrieval",
	year="2004",
	publisher="Springer New York",
	address="New York, NY",
	pages="45--72"
}

@inproceedings{Guo2009,
	author="Guo, Jiong
	and Komusiewicz, Christian
	and Niedermeier, Rolf
	and Uhlmann, Johannes",
	editor = "Goldberg, Andrew V.
	and Zhou, Yunhong",
	title = "A More Relaxed Model for Graph-Based Data Clustering: s-Plex Editing",
	bookTitle = "Algorithmic Aspects in Information and Management: 5th International Conference",
	year = "2009",
	publisher = "Springer",
	address = "San Francisco, CA, USA",
	pages = "226--239"
}

@inproceedings{Heggernes2010,
	author="Heggernes, Pinar
	and Lokshtanov, Daniel
	and Nederlof, Jesper
	and Paul, Christophe
	and Telle, Jan Arne",
	title="Generalized Graph Clustering: Recognizing (p,q)-Cluster Graphs",
	bookTitle="Graph Theoretic Concepts in Computer Science: 36th International Workshop",
	year="2010",
	publisher="Springer",
	address="Crete, Greece",
	pages="171--183"
}

@inbook{Ilev2016,
  address = {Cham},
  author = {Il'ev, V. and Il'eva, S. and Kononov, A.},
  booktitle = {Discrete Optimization and Operations Research: 9th International Conference, DOOR 2016, Vladivostok, Russia, September 19-23, 2016, Proceedings},
  editor = {Kochetov, Yury and Khachay, Michael and Beresnev, Vladimir and Nurminski, Evgeni and Pardalos, Panos},
  pages = {25--36},
  publisher = {Springer International Publishing},
  title = {{Short Survey on Graph Correlation Clustering with Minimization Criteria}},
  year = {2016}
}

@Inbook{Komusiewicz2016,
    author="Komusiewicz, Christian
    and Nichterlein, Andr{\'e}
    and Niedermeier, Rolf",
    editor="Mayr, Ernst W.",
    title="Parameterized Algorithmics for Graph Modification Problems: On Interactions with Heuristics",
    bookTitle="Graph-Theoretic Concepts in Computer Science: 41st International Workshop, WG 2015, Garching, Germany, June 17-19, 2015, Revised Papers",
    year="2016",
    publisher="Springer Berlin Heidelberg",
    address="Berlin, Heidelberg",
    pages="3--15"
}

@inproceedings{Liu2012,
	author="Liu, Hong
	and Zhang, Peng
	and Zhu, Daming",
	title="On Editing Graphs into 2-Club Clusters",
	bookTitle="Frontiers in Algorithmics and Algorithmic Aspects in Information and Management: Joint International Conference",
	year="2012",
	publisher="Springer",
	address="Beijing, China",
	pages="235--246"
}

@inproceedings{Andersen2012,
    author = "Andersen, R. and Gleich, D. and Mirrokni, V.",
    title = "Overlapping clusters for distributed computation",
    booktitle = "WSDM '12 Proceedings of the fifth ACM international conference on Web search and data mining",
    address = "Seattle, USA",
    publisher = "ACM",
    pages = "273-282",
    year = "2012"
}

@inproceedings{Andrade2014,
	author = "Andrade, C. E. and Resende, M. G. C. and Karloff, H. J. and Miyakawa, F. K.",
    title = "Evolutionary algorithms for overlapping correlation clustering",
    booktitle = "Proceedings of the 2014 Conference on Genetic and Evolutionary Computation - GECCO'14",
    address = "Vancouver, Canada",
    publisher = "ACM",
    pages = "405-412",
    year = "2014"
}

@inproceedings{Baadel2016,
    author = "Baadel, S. and Thabtah, F. and Lu, J.",
    title = "Overlapping clustering: A review",
    booktitle = "SAI Computing Conference",
    address = "London, UK",
    publisher = "IEEE",
    pages = "233-237",
    year = "2016"
}

@inproceedings{Bagga1998,
  author = "Bagga, A. and Baldwin, B.",
  title = "Entity-Based Cross-Document Coreferencing Using the Vector Space Model",
  booktitle = "Proceedings of the 36th Annual Meeting of the Association for Computational Linguistics and 17th International Conference on Computational Linguistics",
  address = "Montreal, Canada",
  publisher = "ACL",
  pages = "79-85",
  year = "1998"
}

@inproceedings{Banerjee2005b,
    author = "Banerjee, A. and Krumpelman, C. and Basu, S. and Mooney, R. and Ghosh, J.",
    title = "Model-based overlapping clustering",
    booktitle = "11th ACM SIGKDD International Conference on Knowledge Discovery and Data Mining",
    address = "Chicago, USA",
    publisher = "ACM",
    pages = "532-537",
    year = "2005"
}

@inproceedings{Benelallam2016,
    author = "Benelallam, A. and Cuadrado, J. S. and Cabot, J.",
    title = "Efficient model partitioning for distributed model transformations",
    booktitle = "International Conference on Software Language Engineering",
    address = "Amsterdam, Netherlands",
    publisher = "ACM SIGPLAN",
    pages = "226-238",
    year = "2016"
}

@inproceedings{Bocker2008,
  author = {B{\"o}cker, Sebastian and Briesemeister, Sebastian and Bui, Quang BaoAnh and Truss, Anke},
  title = {A fixed-parameter approach for Weighted Cluster Editing},
  year = {2008},
  booktitle = {Proceedings of Asia-Pacific Bioinformatics Conference - APBC 2008},
  volume = {5},
  pages = {211-220},
  address = "Kyoto, Japan",
  publisher = {Imperial College Press},
  series = {Series on Advances in Bioinformatics and Computational Biology}
}

@inproceedings{Bonchi2011,
	author = "Bonchi, F. and Gioni, A. and Ukkonen, A.",
	title = "Overlapping correlation clutering",
	booktitle = "11th IEEE International Conference on Data Mining",
	publisher = "IEEE",
	address = "Vancouver,BC, Canada",
	year = "2011",
	pages = "51-60"
}

@inproceedings{Chen2005,
  address = {New York, USA},
  author = {Chen, Lei and {\"{O}}zsu, M. Tamer and Oria, Vincent},
  booktitle = {Proceedings of the 2005 ACM SIGMOD international conference on Management of data - SIGMOD '05},
  pages = {491--502},
  publisher = {ACM},
  title = {{Robust and fast similarity search for moving object trajectories}},
  year = {2005}
}

@inproceedings{Chierichetti2014,
    author = "Chierichetti, F. and Dalvi, N. and Kumar, R.",
    title = "Correlation clustering in MapReduce",
    booktitle = "International Conference on Knowledge Discovery and Data Mining",
    pages = "641-650",
    publisher = "ACM",
    address = "New York, USA",
    year = "2014"
}

@inproceedings{Fellows2009,
    author = "Fellows, M. R. and Guo, J. and Komusiewicz, C. and Niedermeier, R. and Uhlmann, J.",
    title = "Graph-based data clustering with overlaps",
    booktitle = "International Conference on Computing and Combinatorics",
    volume = "5609",
    publisher = "Springer",
    address = "Niagara Falls, USA",
    pages = "516-526",
    year = "2009"
}

@inproceedings{Karp1972,
  author    = {Richard M. Karp},
  title     = {Reducibility Among Combinatorial Problems},
  booktitle = {Proceedings of a symposium on the Complexity of Computer Computations},
  pages     = {85--103},
  address   = {New York, USA},
  year      = {1972}
}

@inproceedings{Maiza2016,
    author = "Maiza, M. I. and N'Cir, C.-E. B. and Essoussi, N.",
    title = "Overlap regulation for additive overlapping clustering methods",
    booktitle = "10th International Conference on Research Challenges in Information Science",
    address = "Grenoble, France",
    publisher = "IEEE",
    pages = "1-6",
    year = "2016"
}

@inproceedings{Rahmann2007,
    author = "Rahmann, S. and Wittkop, T. and Baumbach, J. and Martin, M. and Tru{\ss}, A. and B{\"ocker}, S.",
    title = "Exact and heuristic algorithms for weighted cluster editing",
    booktitle = "6th Annual International Conference on Computational Systems Bioinformatics",
    pages = "391-401",
    publisher = "Imperial College Press",
    address = "London, UK",
    year = "2007"
}

@inproceedings{Trohidis2008,
	author = "Trohidis, K. and Tsoumakas, G. and Kalliris, G.",
    title = "Multilabel classification of music into emotions",
    booktitle = "Proceedings of the Ninth International Conference on Music Information Retrieval",
    address = "Philadelphia, USA",
    publisher = "ISMIR",
    pages = "325-330",
    year = "2008"
}

@inproceedings{Yannakakus78,
    author = "Yannakakis, M.",
    title = "Node-and edge-deletion NP-complete problems",
    booktitle = "STOC '78 Proceedings of the tenth annual ACM symposium on Theory of computing",
    publisher = "ACM",
    address = "San Diego, USA",
    pages = "235-264",
    year = "1978"
}

@misc{Rennie2008,
  author = "Rennie, J.",
  title = "20 Newsgroups",
  year = "2008",
  howpublished = {\url{http://qwone.com/~jason/20Newsgroups/}},
  note = "Acessado em 18/10/2016"
}

@misc{Cplex2017,
  author = "{IBM Corporation}",
  title = "{IBM ILOG CPLEX Optimization Studio V12.8.0 documentation}",
  year = "2017"
}

@techreport{Diday87,
    author = "Diday, E.",
    title = "Orders and overlapping clusters by pyramids",
    note = "RR-0730",
    address = "Rocquencourt, France. Institut National de Recherche en Informatique et en Automatique",
    year = "1987"
}

@techreport{Rowland98,
	author = "Rowland, M. M. and Coe, P. K. and Stussy, R. J. and Ager, A. A. and Cimon, N. J. and Johnson, B. K. and Wisdom, M. J.",
    title = "The Starkey habitat database for ungulate research: Construction, documentation and use",
    number = "PNW-GTR-430",
    institution = "U.S. Forest Service",
    address = "Portland, USA",
    year = "1998"
}
